<record xmlns="http://www.loc.gov/MARC21/slim">
  <leader>00846cam a22002533a 4500</leader>
  <controlfield tag="001">000033900020</controlfield>
  <controlfield tag="003">CaOOAMICUS</controlfield>
  <controlfield tag="005">20120720105658.0</controlfield>
  <controlfield tag="008">080411s1993    abc          s000 0 eng  </controlfield>
  <datafield tag="016" ind1=" " ind2=" ">
    <subfield code="a">20088031128 </subfield>
  </datafield>
  <datafield tag="040" ind1=" " ind2=" ">
    <subfield code="a">CaOONL</subfield>
    <subfield code="b">eng</subfield>
    <subfield code="c">CaOONL</subfield>
    <subfield code="d">CaOONL</subfield>
  </datafield>
  <datafield tag="100" ind1="1" ind2=" ">
    <subfield code="a">Steeves, Phyllis,</subfield>
    <subfield code="d">1956-</subfield>
  </datafield>
  <datafield tag="245" ind1="1" ind2="0">
    <subfield code="a">Metis Nation of Alberta literacy project report, April 1, 1992 - August 31, 1993 /</subfield>
    <subfield code="c">submitted by Phyllis Steeves.</subfield>
  </datafield>
  <datafield tag="260" ind1=" " ind2=" ">
    <subfield code="a">[Calgary :</subfield>
    <subfield code="b">Govt. of Alberta],</subfield>
    <subfield code="c">1993.</subfield>
  </datafield>
  <datafield tag="300" ind1=" " ind2=" ">
    <subfield code="a">27 leaves ;</subfield>
    <subfield code="c">29 cm.</subfield>
  </datafield>
  <datafield tag="500" ind1=" " ind2=" ">
    <subfield code="a">&quot;August 31, 1993&quot;.</subfield>
  </datafield>
  <datafield tag="710" ind1="1" ind2=" ">
    <subfield code="a">Alberta.</subfield>
  </datafield>
  <datafield tag="710" ind1="2" ind2=" ">
    <subfield code="a">Mâetis Nation of Alberta.</subfield>
  </datafield>
  <datafield tag="852" ind1=" " ind2=" ">
    <subfield code="9">1</subfield>
    <subfield code="a">CaAEU</subfield>
    <subfield code="z">ILL: yes</subfield>
  </datafield>
  <datafield tag="852" ind1=" " ind2=" ">
    <subfield code="9">2</subfield>
    <subfield code="a">CaOONL</subfield>
    <subfield code="h">COP.AL.2.2008-284</subfield>
    <subfield code="z">ILL: no</subfield>
  </datafield>
  <datafield tag="900" ind1="1" ind2=" ">
    <subfield code="a">Steeves, Phyllis Grace,</subfield>
    <subfield code="d">1956-</subfield>
  </datafield>
  <datafield tag="910" ind1="2" ind2=" ">
    <subfield code="a">Mâetis Nation of Alberta Association.</subfield>
  </datafield>
  <datafield tag="990" ind1="1" ind2="0">
    <subfield code="a">90001ad</subfield>
    <subfield code="b">10001ad</subfield>
  </datafield>
  <datafield tag="990" ind1="1" ind2="0">
    <subfield code="a">91001a</subfield>
    <subfield code="b">71002a</subfield>
  </datafield>
</record>
